@booklet{baker_deriv,
    author  = "Erik C. Baker",
    title   = "{Derivation of Gas Loading Equations}",
    year = 2000
}


@article{haldane07,
    author  = "Haldane, JS and Boycott, AE and Damant, GCC",
    title   = "{The Prevention of Compressed Air Illness}",
    year    = 1908,
    journal = "The Journal of Hygiene",
    pages   = "342--442"
}

@article{yount86,
    author  = "Yount, D.E. and Hoffman, D.C.",
    title   = "{On the Use of a Bubble Formation Model to Calculate Diving Tables}",
    year    = 1986,
    journal = "Aviation, Space, and Environmental Medicine",
    pages   = "149--156"
}

@inbook{Giancoli05,
author="Douglas C. Giancoli", 
title="Physics: Principles with Applications",
edition="Sixth",
publisher="Prentice Hall", 
year=2005,
pages={363-364}
}

@book{Buhlmann84,
    author="Albert A. {B\"uhlmann}", 
    title="Decompression: Decompression Sickness",
    publisher="Springer-Verlag", 
    year=1984
}

@misc{VPMforDummies,
author="Kevin Watts",
title="The Varying Permeability Model (VPM) for Dummies",
note="{http://www.rebreatherworld.com/general-and-new-to-rebreather-articles/10721-vpm-for-dummies.html\#post103506}",
year=2007
}